<record><leader>00000cas a22000007a 4500</leader><controlfield tag="001">13289900</controlfield><controlfield tag="008">860313d19311957wiucr ne      0    0eng d</controlfield><datafield ind1=" " ind2=" " tag="010"><subfield code="a">sn 86086368 </subfield></datafield><datafield ind1=" " ind2=" " tag="040"><subfield code="a">NPV</subfield><subfield code="b">eng</subfield><subfield code="c">NPV</subfield><subfield code="d">OCLCQ</subfield></datafield><datafield ind1=" " ind2=" " tag="042"><subfield code="a">msc</subfield></datafield><datafield ind1="0" ind2=" " tag="130"><subfield code="a">Plymouth review (Plymouth, Wis. : 1931)</subfield></datafield><datafield ind1="1" ind2="4" tag="245"><subfield code="a">The Plymouth review.</subfield></datafield><datafield ind1=" " ind2=" " tag="260"><subfield code="a">Plymouth, Wis. :</subfield><subfield code="b">Review-Herald-Reporter, Inc.,</subfield><subfield code="c">1931-1957.</subfield></datafield><datafield ind1=" " ind2=" " tag="300"><subfield code="a">27 v. :</subfield><subfield code="b">ill.</subfield></datafield><datafield ind1=" " ind2=" " tag="310"><subfield code="a">Weekly</subfield></datafield><datafield ind1=" " ind2=" " tag="321"><subfield code="a">Semiweekly,</subfield><subfield code="b">Jan. 1, 1931-Feb. 23, 1942</subfield></datafield><datafield ind1="0" ind2=" " tag="362"><subfield code="a">Vol. 65 no. [1] (Jan. 1, 1931)-v. 91, no. 29 (Aug. 8, 1957).</subfield></datafield><datafield ind1=" " ind2=" " tag="500"><subfield code="a">Publisher varies.</subfield></datafield><datafield ind1=" " ind2=" " tag="752"><subfield code="a">United States</subfield><subfield code="b">Wisconsin</subfield><subfield code="c">Sheboygan</subfield><subfield code="d">Plymouth.</subfield></datafield><datafield ind1="0" ind2="0" tag="780"><subfield code="t">Review herald reporter</subfield><subfield code="w">(DLC)sn 86086367</subfield></datafield><datafield ind1="0" ind2="7" tag="785"><subfield code="t">Plymouth shopping news</subfield></datafield><datafield ind1="0" ind2="7" tag="785"><subfield code="t">Plymouth review and shopping news</subfield><subfield code="w">(DLC)sn 86086369</subfield></datafield></record>